
%---------------------------------------------------------------------
% Cognitive models
%--------------------------------------------------------------------

@incollection{ATKINSON1968,
	title = {Human Memory: A Proposed System and its Control Processes},
	editor = {Kenneth W. Spence and Janet Taylor Spence},
	series = {Psychology of Learning and Motivation},
	publisher = {Academic Press},
	volume = {2},
	pages = {89-195},
	year = {1968},
	issn = {0079-7421},
	doi = {10.1016/S0079-7421(08)60422-3},
	author = {R.C. Atkinson and R.M. Shiffrin},
}

@ARTICLE{Atkinson_1971,
	author={Richard C. {Atkinson} and Richard M. {Shiffrin}},
	journal={Scientific American}, 
	title={The Control of Short-Term Memory}, 
	year={1971},
	volume={225},
	number={2},
	pages={82–91},
	doi={http://www.jstor.org/stable/24922803}}


@incollection{BADDELEY1974,
	title = {Working Memory},
	editor = {Gordon H. Bower},
	series = {Psychology of Learning and Motivation},
	publisher = {Academic Press},
	volume = {8},
	pages = {47-89},
	year = {1974},
	issn = {0079-7421},
	doi = {https://doi.org/10.1016/S0079-7421(08)60452-1},
	url = {https://www.sciencedirect.com/science/article/pii/S0079742108604521},
	author = {Alan D. Baddeley and Graham Hitch},
}

@ARTICLE{2011_DeFelipe,
	AUTHOR={DeFelipe, Javier },        
	TITLE={The Evolution of the Brain, the Human Nature of Cortical Circuits, and Intellectual Creativity},       
	JOURNAL={Frontiers in Neuroanatomy},      
	VOLUME={volume 5 - 2011},
	YEAR={2011},
	URL={https://www.frontiersin.org/journals/neuroanatomy/articles/10.3389/fnana.2011.00029},
	DOI={10.3389/fnana.2011.00029},
	ISSN={1662-5129},
}


@ARTICLE{2014_Hofman,
		AUTHOR={Hofman, Michel A.},
		TITLE={Evolution of the human brain: when bigger is better},
		JOURNAL={Frontiers in Neuroanatomy},
		VOLUME={Volume 8 - 2014},
		YEAR={2014},
		URL={https://www.frontiersin.org/journals/neuroanatomy/articles/10.3389/fnana.2014.00015},
		DOI={10.3389/fnana.2014.00015},
		ISSN={1662-5129},
}


@inproceedings{Vaswani2017_attentionIsAllYouNeed,
	author = {Vaswani, Ashish and Shazeer, Noam and Parmar, Niki and Uszkoreit, Jakob and Jones, Llion and Gomez, Aidan N. and Kaiser, \L{}ukasz and Polosukhin, Illia},
	title = {Attention is all you need},
	year = {2017},
	isbn = {9781510860964},
	publisher = {Curran Associates Inc.},
	address = {Red Hook, NY, USA},
	booktitle = {Proceedings of the 31st International Conference on Neural Information Processing Systems},
	pages = {6000–6010},
	numpages = {11},
	location = {Long Beach, California, USA},
	series = {NIPS'17}
}

@misc{niu2024largelanguagemodelscognitive,
	title={Large Language Models and Cognitive Science: A Comprehensive Review of Similarities, Differences, and Challenges}, 
	author={Qian Niu and Junyu Liu and Ziqian Bi and Pohsun Feng and Benji Peng and Keyu Chen and Ming Li and Lawrence KQ Yan and Yichao Zhang and Caitlyn Heqi Yin and Cheng Fei and Tianyang Wang and Yunze Wang and Silin Chen and Ming Liu},
	year={2024},
	eprint={2409.02387},
	archivePrefix={arXiv},
	primaryClass={cs.AI},
	url={https://arxiv.org/abs/2409.02387}, 
}



@ARTICLE{Voss_2017,
	author={Voss, {Joel L.} and Bridge, {Donna J.} and Cohen, {Neal J.} and Walker, {John A.}	},
	journal={Trends in Cognitive Sciences}, 
	title={A Closer Look at the Hippocampus and Memory}, 
	year={2017},
	volume={21},
	number={8},
	pages={577-588},
	doi={10.1016/j.tics.2017.05.008}}



@ARTICLE{Baddeley_2000,
	author={Baddeley, {A.}},
	journal={Trends in Cognitive Sciences}, 
	title={The episodic buffer: a new component of working memory?}, 
	year={2000},
	volume={4},
	number={11},
	pages={417-423},
	doi={10.1016/s1364-6613(00)01538-2}}



@book{Cowan1999,
	author = {Cowan, Nelson},
	title = {An Embedded-Processes Model of working memory},
	year = {1999},
	maintitle = {Models of working memory: Mechanisms of active maintenance and executive control},
	publisher = {Cambridge University Press},
	pages = {62–101},
	doi = {10.1017/CBO9781139174909.006},
}

@book{Cowan2021,
	author = {Cowan, N. and Morey, C. C. and Naveh-Benjamin, M.},
	title = {An embedded-processes approach to working memory: How is it distinct from other approaches, and to what ends?},
	year = {2021},
	maintitle = {Working memory: State of the science},
	publisher = {Oxford University Press},
	pages = {44–84},
	doi = {10.1093/oso/9780198842286.003.0003},
}

@ARTICLE{Tyng_2017,
	AUTHOR={Tyng, Chai M.  and Amin, Hafeez U.  and Saad, Mohamad N. M.  and Malik, Aamir S. }, 
	TITLE={The Influences of Emotion on Learning and Memory},
	JOURNAL={Frontiers in Psychology},
	VOLUME={Volume 8 - 2017},
	YEAR={2017},
	URL={https://www.frontiersin.org/journals/psychology/articles/10.3389/fpsyg.2017.01454},
	DOI={10.3389/fpsyg.2017.01454},
	ISSN={1664-1078},
}

@article{Canli_2000,
	author = {Canli, {T} and Zhao, {Z} and Brewer, {J} and Gabrieli, {JD} and Cahill {L.}},
	title = {Event-related activation in the human amygdala associates with later memory for individual emotional experience},
	journaltitle = {The Journal of neuroscience},
	year = {2000},
	volume = {20},
	issue = {19},
	doi = {10.1523/JNEUROSCI.20-19-j0004.2000},
}


@article{Jones_2018,
	author = {Jones {BE.}},
	title = {The mysteries of sleep and waking unveiled by Michel Jouvet},
	journal = {Sleep Med.},
	year = {2018},
	volume = {49},
	pages = {14-19},
	doi = {10.1016/j.sleep.2018.05.030},
}



@article{Diekelmann_2010,
	author = {Diekelmann, {S}, Born {J. }},
	title = {The memory function of sleep},
	journal = {Nature Reviews Neuroscience},
	year = {2010 },
	volume = {11},
	issue = {2},
	doi = {10.1038/nrn2762},
}


@article{Fan_2002,
	author = {Fan, Jin and McCandliss, Bruce D. and Sommer, Tobias and Raz, Amir and Posner, Michael I.},
	title = {Testing the Efficiency and Independence of Attentional Networks},
	journal = {Journal of Cognitive Neuroscience},
	volume = {14},
	number = {3},
	pages = {340-347},
	year = {2002},
	month = {04},
	issn = {0898-929X},
	doi = {10.1162/089892902317361886},
	eprint = {https://direct.mit.edu/jocn/article-pdf/14/3/340/1934137/089892902317361886.pdf},
}

@article{LeDoux_2000,
	author = {LeDoux, {J. E. }},
	title = {Emotion circuits in the brain},
	journal = {Annual Review of Neuroscience},
	year = {2000 },
	volume = {23},
	issue = {1},
	pages={155–184},
	doi = {10.1146/annurev.neuro.23.1.155},
}

@article{Phelps_2005,
	author = {Phelps, {E. A.} and LeDoux, {J. E. }},
	title = {Contributions of the amygdala to emotion processing: From animal models to human behavior},
	journal = {Neuron},
	year = {2005 },
	volume = {48},
	issue = {2},
	pages={175–187},
	doi = {10.1016/j.neuron.2005.09.025},
}

@article{Tang_2007,
	author = {Tang,  {YY} and Ma, {Y} and Wang, {J} and Fan, {Y} and Feng, {S} and Lu, {Q}  and Yu, {Q} and Sui, {D} and Rothbart, {MK} and Fan, {M} and Posner, {MI}},
	title = {Short-term meditation training improves attention and self-regulation},
	journal = {Proc Natl Acad Sci U S A},
	year = {2007 },
	volume = {104},
	issue = {43},
	doi = {10.1073/pnas.0707678104},
}


@article{Banks_2025,
	author = {Banks, {J.C.} and Hariri, {S.} and Kveraga, {K.}  and et al. },
	title = {Sleep-Based Brain Age Is Reduced in Advanced Inner Engineering Meditators},
	journal = {Mindfulness},
	year = {2025 },
	volume = {16},
	pages = {1675–1692},
	doi = {doi.org/10.1007/s12671-025-02583-y},
}


@article{Lazar_2005,
	author = {Lazar, {Sara W.} and Kerr, {Catherine E.} and Wasserman, {Rachel H.}  and Gray, {Jeremy R.} and Greve, {Douglas N.} and Treadway, {Michael T.} and McGarvey, {Metta} and Quinn, {Brian T.} and Dusek, {Jeffery A. } and Benson, {Herbert}  and Rauch, {Scott L.} and Moore, {Christopher}  and Fischl, {Bruce}  },
	title = {Meditation experience is associated with increased cortical thickness},
	journal = {NeuroReport},
	year = {2005 },
	volume = {16},
	issue = {17},
	pages = {1893-1897},
	doi = {10.1097/01.wnr.0000186598.66243.19},
}

@ARTICLE{Sadhasivam_2021,
	AUTHOR={Sadhasivam, Senthilkumar  and Alankar, Suresh  and Maturi, Raj  and Williams, Amy  and Vishnubhotla, Ramana V.  and Hariri, Sepideh  and Mudigonda, Mayur  and Pawale, Dhanashri  and Dubbireddi, Sangeeth  and Packiasabapathy, Senthil  and Castelluccio, Peter  and Ram, Chithra  and Renschler, Janelle  and Chang, Tracy  and Subramaniam, Balachundhar },
	TITLE={Isha Yoga Practices and Participation in Samyama Program are Associated with Reduced HbA1C and Systemic Inflammation, Improved Lipid Profile, and Short-Term and Sustained Improvement in Mental Health: A Prospective Observational Study of Meditators},
	JOURNAL={Frontiers in Psychology},
	VOLUME={12},
	YEAR={2021},
	DOI={10.3389/fpsyg.2021.659667},
	ISSN={1664-1078}}



@book{James_1890,
	author = {James, {William}},
	title = {The Principles of Psychology},
	year = {1890},
	publisher = {	Henry Holt and Company},
	doi = {},
}

@book{Broadbent_1958,
	author = {Broadbent, {D. E.}},
	title = {Perception and communication},
	year = {1958},
	publisher = {Pergamon Press},
	doi = {10.1037/10037-000},
}

@book{Helmholtz_1925,
	author = {Helmholtz, { H. von. }},
	title = {Handbuch der physiologischen Optik },
	year = {1925},
	publisher = {Optical Society of America},
}

@article{Carrasco_2011,
	author = {Carrasco, {M.}},
	title = {Visual attention: the past 25 years},
	journal = {Vision Res. },
	year = {2011 },
	volume = {51},
	issue = {13},
	pages = {1484–1525},
	doi = {10.1016/j.visres.2011.04.012},
}


@article{Posner_1990,
	author = {Posner, {M. I.}  and Petersen,{ S. E.}},
	title = {The attention system of the human brain},
	journal = {Annual Review of Neuroscience},
	year = {1990 },
	volume = {13},
	issue = {1},
	pages = {25–42},
	doi = {10.1146/annurev.ne.13.030190.000325},
}


@article{Geschwind_1970,
	author = {Geschwind, {Norman}},
	title = {The Organization of Language and the Brain},
	journal = {Science},
	year = {1970, },
	volume = {170},
	pages = {940-944},
	doi = {10.1126/science.170.3961.940},
}


@book{Anderson_1974,
	author = {Anderson, {J.R.} and  Bower, {G.H. }},
	title = {Human Associative Memory },
	year = {1974},
	publisher = {Psychology Press},
	doi = {10.4324/9781315802886},
}

@book{Anderson_1998,
	author = {Anderson, {J.R.} and  Lebiere, {C.J.}},
	title = {The Atomic Components of Thought},
	year = {1998},
	publisher = {Psychology Press},
	doi = {10.4324/9781315805696},
}

@book{Newell_1990,
	author = { Newell, Allen},
	title = {Unified theories of cognition},
	year = {1990},
	publisher = {Harvard University Press}
}

@incollection{HEILMAN1977,
	title = {16 - The Neglect Syndrome—A Unilateral Defect of the Orienting Response},
	booktitle = {Lateralization in the Nervous System},
	publisher = {Academic Press},
	pages = {285-302},
	year = {1977},
	isbn = {978-0-12-325750-5},
	doi = {https://doi.org/10.1016/B978-0-12-325750-5.50023-3},
	url = {https://www.sciencedirect.com/science/article/pii/B9780123257505500233},
	author = {Kenneth M. Heilman and Robert T. Watson}
}

@article{VALLAR1986,
	title = {The anatomy of unilateral neglect after right-hemisphere stroke lesions. A clinical/CT-scan correlation study in man},
	journal = {Neuropsychologia},
	volume = {24},
	number = {5},
	pages = {609-622},
	year = {1986},
	issn = {0028-3932},
	doi = {https://doi.org/10.1016/0028-3932(86)90001-1},
	url = {https://www.sciencedirect.com/science/article/pii/0028393286900011},
	author = {Giuseppe Vallar and Daniela Perani},
}

@article{Matchock2009,
	title = {Chronotype and time-of-day influences on the alerting, orienting, and executive components of attention.},
	journal = {Exp Brain Res},
	volume = {192},
	year = {2009},
	doi = {10.1007/s00221-008-1619-y},
	author = {Matchock, {R.L.}  and Toby Mordkoff, {J.} },
}

@article{BLATTER2007,
	title = {Circadian rhythms in cognitive performance: Methodological constraints, protocols, theoretical underpinnings},
	journal = {Physiology \& Behavior},
	volume = {90},
	number = {2},
	pages = {196-208},
	year = {2007},
	issn = {0031-9384},
	doi = {https://doi.org/10.1016/j.physbeh.2006.09.009},
	url = {https://www.sciencedirect.com/science/article/pii/S0031938406003945},
	author = {Katharina Blatter and Christian Cajochen},
}


@article{SPENCER2000,
	title = {Pharmacotherapy of Attention Deficit Hyperactivity Disorder},
	journal = {Child and Adolescent Psychiatric Clinics of North America},
	volume = {9},
	number = {1},
	pages = {77-97},
	year = {2000},
	note = {Psychopharmacology},
	issn = {1056-4993},
	doi = {https://doi.org/10.1016/S1056-4993(18)30136-6},
	url = {https://www.sciencedirect.com/science/article/pii/S1056499318301366},
	author = {Thomas Spencer and Joseph Biederman and Timothy Wilens},
}

@article{Scahill2001,
	title = {A placebo-controlled study of guanfacine in the treatment of children with tic disorders and attention deficit hyperactivity disorder},
	journal = {Am J Psychiatry},
	volume = {158},
	number = {7},
	pages = {1067-74},
	year = {2001},
	doi = {10.1176/appi.ajp.158.7.1067},
	author = {Scahill, {L} and Chappell, {PB} and Kim, {YS} and Schultz, {RT} and Katsovich, {L} and Shepherd, {E} and Arnsten, {AF} and Cohen, {DJ} and Leckman, {JF} },
}

@misc{niu2024largelanguagemodelscognitive,
	title={Large Language Models and Cognitive Science: A Comprehensive Review of Similarities, Differences, and Challenges}, 
	author={Qian Niu and Junyu Liu and Ziqian Bi and Pohsun Feng and Benji Peng and Keyu Chen and Ming Li and Lawrence KQ Yan and Yichao Zhang and Caitlyn Heqi Yin and Cheng Fei and Tianyang Wang and Yunze Wang and Silin Chen and Ming Liu},
	year={2024},
	eprint={2409.02387},
	archivePrefix={arXiv},
	primaryClass={cs.AI},
	url={https://arxiv.org/abs/2409.02387}, 
}

@article{Raaijmakers_Shiffrin_2003, 
	title={Models versus descriptions: Real differences and language differences}, volume={26},
	 DOI={10.1017/S0140525X0349016X}, 
	number={6}, 
	journal={Behavioral and Brain Sciences}, 
	author={Raaijmakers, {Jeroen G. W.} and Shiffrin, Richard M.}, 
	year={2003},
	 pages={753–753}} 


@article{Markett_2022, 
	title={Attention networks and the intrinsic network structure of the human brain}, volume={43},
	DOI={10.1002/hbm.25734}, 
	number={4}, 
	journal={Hum Brain Mapp. }, 
	author={Markett S, Nothdurfter D, Focsa A, Reuter M, Jawinski P.}, 
	year={2022},
	pages={1431-1448}} 


@book{Vivekananda_1896,
	author = {Swami Vivekananda},
	title = {Raja Yoga },
	year = {1896},
	note = {Provides translation of Yoga Sutras composed around two thousand years ago},
}

@book{Berk_2017,
	author = {Berk, {L. E.}},
	title = {Development Through the Lifespan, 7th ed.},
	year = {2017},
	publisher = {Pearson},
}
 
@book{Baars1988-BAAACT,
	address = {New York},
	author = {Baars, {Bernard J. }},
	editor = {},
	publisher = {Cambridge University Press},
	title = {A Cognitive Theory of Consciousness},
	year = {1988}
}

@article{Tononi_2004_IIT, 
	title={An information integration theory of consciousness}, 
	volume={5},
	number={42}, 
	DOI={10.1186/1471-2202-5-42}, 
	journal={BMC Neurosci. }, 
	author={Tononi, {G.}}, 
	year={2004}}

% ==================================================================




%\end{thebibliography}






